@ARTICLE{Bovy17,
   author = {{Bovy}, J.},
    title = "{Galactic rotation in Gaia DR1}",
  journal = {\mnras},
archivePrefix = "arXiv",
   eprint = {1610.07610},
 keywords = {stars: kinematics and dynamics, Galaxy: disc, Galaxy: fundamental parameters, Galaxy: kinematics and dynamics, solar neighbourhood},
     year = 2017,
    month = jun,
   volume = 468,
    pages = {L63-L67},
      doi = {10.1093/mnrasl/slx027},
   adsurl = {http://adsabs.harvard.edu/abs/2017MNRAS.468L..63B},
  adsnote = {Provided by the SAO/NASA Astrophysics Data System}
}

@ARTICLE{NM76,
   author = {{Nagai}, R. and {Miyamoto}, M.},
    title = "{A family of self-gravitating stellar systems with axial symmetry}",
  journal = {\pasj},
 keywords = {Astronomical Models, Galactic Structure, Hydrodynamic Equations, Self Consistent Fields, Stellar Motions, Stellar Systems, Angular Momentum, Celestial Mechanics, Disks (Shapes), Gravitational Effects, Steady State, Velocity Distribution},
     year = 1976,
   volume = 28,
    pages = {1-17},
   adsurl = {http://adsabs.harvard.edu/abs/1976PASJ...28....1N},
  adsnote = {Provided by the SAO/NASA Astrophysics Data System}
}


@BOOK{Chandra42,
   author = {{Chandrasekhar}, S.},
    title = "{Principles of stellar dynamics}",
 keywords = {STELLAR DYNAMICS},
booktitle = {Chicago, Ill., The University of Chicago press [1942]},
     year = 1942,
   adsurl = {http://adsabs.harvard.edu/abs/1942psd..book.....C},
  adsnote = {Provided by the SAO/NASA Astrophysics Data System}
}

@ARTICLE{OD03,
   author = {{Olling}, R.~P. and {Dehnen}, W.},
    title = "{The Oort Constants Measured from Proper Motions}",
  journal = {\apj},
   eprint = {astro-ph/0301486},
 keywords = {Galaxy: Fundamental Parameters, Galaxy: Kinematics and Dynamics, Galaxy: Structure, Galaxy: Solar Neighborhood, Stars: Kinematics},
     year = 2003,
    month = dec,
   volume = 599,
    pages = {275-296},
      doi = {10.1086/379278},
   adsurl = {http://adsabs.harvard.edu/abs/2003ApJ...599..275O},
  adsnote = {Provided by the SAO/NASA Astrophysics Data System}
}

@ARTICLE{Bovy15,
   author = {{Bovy}, J.},
    title = "{galpy: A python Library for Galactic Dynamics}",
  journal = {\apjs},
archivePrefix = "arXiv",
   eprint = {1412.3451},
 keywords = {galaxies: general, galaxies: kinematics and dynamics, Galaxy: fundamental parameters },
     year = 2015,
    month = feb,
   volume = 216,
      eid = {29},
    pages = {29},
      doi = {10.1088/0067-0049/216/2/29},
   adsurl = {http://adsabs.harvard.edu/abs/2015ApJS..216...29B},
  adsnote = {Provided by the SAO/NASA Astrophysics Data System}
}


@ARTICLE{BJ15,
   author = {{Bailer-Jones}, C.~A.~L.},
    title = "{Estimating Distances from Parallaxes}",
  journal = {\pasp},
archivePrefix = "arXiv",
   eprint = {1507.02105},
 primaryClass = "astro-ph.IM",
     year = 2015,
    month = oct,
   volume = 127,
    pages = {994},
      doi = {10.1086/683116},
   adsurl = {http://adsabs.harvard.edu/abs/2015PASP..127..994B},
  adsnote = {Provided by the SAO/NASA Astrophysics Data System}
}


@ARTICLE{Kapteyn1920,
   author = {{Kapteyn}, J.~C. and {van Rhijn}, P.~J.},
    title = "{On the Distribution of the Stars in Space Especially in the High Galactic Latitudes}",
  journal = {\apj},
     year = 1920,
    month = jul,
   volume = 52,
    pages = {23},
      doi = {10.1086/142556},
   adsurl = {http://adsabs.harvard.edu/abs/1920ApJ....52...23K},
  adsnote = {Provided by the SAO/NASA Astrophysics Data System}
}


@ARTICLE{Kapteyn1922,
   author = {{Kapteyn}, J.~C.},
    title = "{First Attempt at a Theory of the Arrangement and Motion of the Sidereal System}",
  journal = {\apj},
     year = 1922,
    month = may,
   volume = 55,
    pages = {302},
      doi = {10.1086/142670},
   adsurl = {http://adsabs.harvard.edu/abs/1922ApJ....55..302K},
  adsnote = {Provided by the SAO/NASA Astrophysics Data System}
}


@ARTICLE{Oort1927a,
   author = {{Oort}, J.~H.},
    title = "{Observational evidence confirming Lindblad's hypothesis of a rotation of the galactic system}",
  journal = {\bain},
     year = 1927,
    month = apr,
   volume = 3,
    pages = {275},
   adsurl = {http://adsabs.harvard.edu/abs/1927BAN.....3..275O},
  adsnote = {Provided by the SAO/NASA Astrophysics Data System}
}


@ARTICLE{Lindblad1927,
   author = {{Lindblad}, B.},
    title = "{On the state of motion in the galactic system}",
  journal = {\mnras},
     year = 1927,
    month = may,
   volume = 87,
    pages = {553-564},
      doi = {10.1093/mnras/87.7.553},
   adsurl = {http://adsabs.harvard.edu/abs/1927MNRAS..87..553L},
  adsnote = {Provided by the SAO/NASA Astrophysics Data System}
}


@ARTICLE{Shapley1918,
   author = {{Shapley}, H.},
    title = "{Studies based on the colors and magnitudes in stellar clusters. VII. The distances, distribution in space, and dimensions of 69 globular clusters.}",
  journal = {\apj},
     year = 1918,
    month = oct,
   volume = 48,
      doi = {10.1086/142423},
   adsurl = {http://adsabs.harvard.edu/abs/1918ApJ....48..154S},
  adsnote = {Provided by the SAO/NASA Astrophysics Data System}
}


@ARTICLE{Jeans1922,
   author = {{Jeans}, J.~H.},
    title = "{The Motions of Stars in a Kapteyn Universe}",
  journal = {\mnras},
     year = 1922,
    month = jan,
   volume = 82,
    pages = {122-132},
      doi = {10.1093/mnras/82.3.122},
   adsurl = {http://adsabs.harvard.edu/abs/1922MNRAS..82..122J},
  adsnote = {Provided by the SAO/NASA Astrophysics Data System}
}


@ARTICLE{Ogrodnikoff1932,
   author = {{Ogrodnikoff}, K.},
    title = "{A theory of streaming in the system of B stars. Mit 1 Abbildung.}",
  journal = {\zap},
     year = 1932,
   volume = 4,
    pages = {190},
   adsurl = {http://adsabs.harvard.edu/abs/1932ZA......4..190O},
  adsnote = {Provided by the SAO/NASA Astrophysics Data System}
}


@ARTICLE{Milne1935,
   author = {{Milne}, E.~A.},
    title = "{Stellar kinematics and the K-effect}",
  journal = {\mnras},
 keywords = {K-effect},
     year = 1935,
    month = may,
   volume = 95,
    pages = {560-573},
      doi = {10.1093/mnras/95.7.560},
   adsurl = {http://adsabs.harvard.edu/abs/1935MNRAS..95..560M},
  adsnote = {Provided by the SAO/NASA Astrophysics Data System}
}


@ARTICLE{Oort1927b,
   author = {{Oort}, J.~H.},
    title = "{Investigations concerning the rotational motion of the galactic system together with new determinations of secular parallaxes, precession and motion of the equinox (Errata: 4 94)}",
  journal = {\bain},
     year = 1927,
    month = sep,
   volume = 4,
    pages = {79},
   adsurl = {http://adsabs.harvard.edu/abs/1927BAN.....4...79O},
  adsnote = {Provided by the SAO/NASA Astrophysics Data System}
}


@ARTICLE{Fricke1971,
   author = {{Fricke}, W.},
    title = "{A Rediscussion of Newcomb's Determination of Precession}",
  journal = {\aap},
     year = 1971,
    month = jul,
   volume = 13,
   adsurl = {http://adsabs.harvard.edu/abs/1971A&A....13..298F},
  adsnote = {Provided by the SAO/NASA Astrophysics Data System}
}


@ARTICLE{Clube1972,
   author = {{Clube}, S.~V.~M.},
    title = "{Galactic rotation and the precession constant}",
  journal = {\mnras},
     year = 1972,
   volume = 159,
    pages = {289},
      doi = {10.1093/mnras/159.3.289},
   adsurl = {http://adsabs.harvard.edu/abs/1972MNRAS.159..289C},
  adsnote = {Provided by the SAO/NASA Astrophysics Data System}
}


@ARTICLE{Miyamoto1993,
   author = {{Miyamoto}, M. and {Soma}, M.},
    title = "{Is the vorticity vector of the Galaxy perpendicular to the Galactic plane? I - Precessional correction and equinoctial motion correction to the FK5 system}",
  journal = {\aj},
 keywords = {Giant Stars, K Stars, M Stars, Stellar Motions, Very Long Base Interferometry, Astrometry, Astronomical Catalogs, Equinoxes, Velocity Distribution},
     year = 1993,
    month = feb,
   volume = 105,
    pages = {691-701},
      doi = {10.1086/116467},
   adsurl = {http://adsabs.harvard.edu/abs/1993AJ....105..691M},
  adsnote = {Provided by the SAO/NASA Astrophysics Data System}
}


@ARTICLE{Lindegren1995,
   author = {{Lindegren}, L. and {Kovalevsky}, J.},
    title = "{Linking the HIPPARCOS Catalogue to the extragalactic reference system.}",
  journal = {\aap},
 keywords = {ASTROMETRY, CATALOGUES, REFERENCE SYSTEMS, METHODS: DATA ANALYSIS},
     year = 1995,
    month = dec,
   volume = 304,
    pages = {189},
   adsurl = {http://adsabs.harvard.edu/abs/1995A&A...304..189L},
  adsnote = {Provided by the SAO/NASA Astrophysics Data System}
}


@ARTICLE{Kovalevsky1997,
   author = {{Kovalevsky}, J. and {Lindegren}, L. and {Perryman}, M.~A.~C. and 
	{Hemenway}, P.~D. and {Johnston}, K.~J. and {Kislyuk}, V.~S. and 
	{Lestrade}, J.~F. and {Morrison}, L.~V. and {Platais}, I. and 
	{R{\"o}ser}, S. and {Schilbach}, E. and {Tucholke}, H.-J. and 
	{de Vegt}, C. and {Vondrak}, J. and {Arias}, F. and {Gontier}, A.~M. and 
	{Arenou}, F. and {Brosche}, P. and {Florkowski}, D.~R. and {Garrington}, S.~T. and 
	{Kozhurina-Platais}, V. and {Preston}, R.~A. and {Ron}, C. and 
	{Rybka}, S.~P. and {Scholz}, R.-D. and {Zacharias}, N.},
    title = "{The HIPPARCOS catalogue as a realisation of the extragalactic reference system}",
  journal = {\aap},
     year = 1997,
    month = jul,
   volume = 323,
    pages = {620-633},
   adsurl = {http://adsabs.harvard.edu/abs/1997A&A...323..620K},
  adsnote = {Provided by the SAO/NASA Astrophysics Data System}
}


@ARTICLE{KT1994,
   author = {{Kuijken}, K. and {Tremaine}, S.},
    title = "{On the ellipticity of the Galactic disk}",
  journal = {\apj},
 keywords = {Elliptical Galaxies, Ellipticity, Galactic Structure, Kinematics, Milky Way Galaxy, Astronomical Models, Astrophysics, Radial Velocity, Shapes, Sun},
     year = 1994,
    month = jan,
   volume = 421,
    pages = {178-194},
      doi = {10.1086/173635},
   adsurl = {http://adsabs.harvard.edu/abs/1994ApJ...421..178K},
  adsnote = {Provided by the SAO/NASA Astrophysics Data System}
}


@ARTICLE{KL1986,
   author = {{Kerr}, F.~J. and {Lynden-Bell}, D.},
    title = "{Review of galactic constants}",
  journal = {\mnras},
 keywords = {Astrophysics, Constants, Milky Way Galaxy, Galactic Rotation, Mass Distribution, Oort Cloud, Radial Velocity, Stellar Motions, Sun, Variable Stars},
     year = 1986,
    month = aug,
   volume = 221,
    pages = {1023-1038},
      doi = {10.1093/mnras/221.4.1023},
   adsurl = {http://adsabs.harvard.edu/abs/1986MNRAS.221.1023K},
  adsnote = {Provided by the SAO/NASA Astrophysics Data System}
}


@ARTICLE{OM1998,
   author = {{Olling}, R.~P. and {Merrifield}, M.~R.},
    title = "{Refining the Oort and Galactic constants}",
  journal = {\mnras},
   eprint = {astro-ph/9802034},
 keywords = {CEPHEIDS, ISM: GENERAL, GALAXY: FUNDAMENTAL PARAMETERS, GALAXY: KINEMATICS AND DYNAMICS, SOLAR NEIGHBOURHOOD, GALAXY: STRUCTURE},
     year = 1998,
    month = jul,
   volume = 297,
    pages = {943-952},
      doi = {10.1046/j.1365-8711.1998.01577.x},
   adsurl = {http://adsabs.harvard.edu/abs/1998MNRAS.297..943O},
  adsnote = {Provided by the SAO/NASA Astrophysics Data System}
}


@ARTICLE{Oort1928,
   author = {{Oort}, J.~H.},
    title = "{Dynamics of the galactic system in the vicinity of the Sun}",
  journal = {\bain},
     year = 1928,
    month = nov,
   volume = 4,
    pages = {269},
   adsurl = {http://adsabs.harvard.edu/abs/1928BAN.....4..269O},
  adsnote = {Provided by the SAO/NASA Astrophysics Data System}
}


@BOOK{BT2008,
   author = {{Binney}, J. and {Tremaine}, S.},
    title = "{Galactic Dynamics: Second Edition}",
booktitle = {Galactic Dynamics: Second Edition, by James Binney and Scott Tremaine.~ISBN 978-0-691-13026-2 (HB).~Published by Princeton University Press, Princeton, NJ USA, 2008.},
     year = 2008,
publisher = {Princeton University Press},
   adsurl = {http://adsabs.harvard.edu/abs/2008gady.book.....B},
  adsnote = {Provided by the SAO/NASA Astrophysics Data System}
}


@ARTICLE{LF1989,
   author = {{Lewis}, J.~R. and {Freeman}, K.~C.},
    title = "{Kinematics and chemical properties of the old disk of the Galaxy}",
  journal = {\aj},
 keywords = {Astronomical Models, Cosmochemistry, Galactic Evolution, Galactic Structure, Milky Way Galaxy, Stellar Composition, Astronomical Photometry, Astronomical Spectroscopy, Metallicity, Radial Distribution, Star Formation Rate},
     year = 1989,
    month = jan,
   volume = 97,
    pages = {139-162},
      doi = {10.1086/114963},
   adsurl = {http://adsabs.harvard.edu/abs/1989AJ.....97..139L},
  adsnote = {Provided by the SAO/NASA Astrophysics Data System}
}


@ARTICLE{DB1998,
   author = {{Dehnen}, W. and {Binney}, J.~J.},
    title = "{Local stellar kinematics from HIPPARCOS data}",
  journal = {\mnras},
   eprint = {astro-ph/9710077},
 keywords = {STARS: KINEMATICS, GALAXY: FUNDAMENTAL PARAMETERS, GALAXY: KINEMATICS AND DYNAMICS, SOLAR NEIGHBOURHOOD, GALAXY: STRUCTURE},
     year = 1998,
    month = aug,
   volume = 298,
    pages = {387-394},
      doi = {10.1046/j.1365-8711.1998.01600.x},
   adsurl = {http://adsabs.harvard.edu/abs/1998MNRAS.298..387D},
  adsnote = {Provided by the SAO/NASA Astrophysics Data System}
}


@BOOK{BM1998,
   author = {{Binney}, J. and {Merrifield}, M.},
    title = "{Galactic Astronomy}",
booktitle = {Galactic astronomy / James Binney and Michael Merrifield.~ Princeton, NJ : Princeton University Press, 1998.~ (Princeton series in astrophysics) QB857 .B522 1998  ($35.00)},
     year = 1998,
   adsurl = {http://adsabs.harvard.edu/abs/1998gaas.book.....B},
  adsnote = {Provided by the SAO/NASA Astrophysics Data System}
}


@INPROCEEDINGS{BS1983,
   author = {{Binney}, J.~J. and {Spergel}, D.},
    title = "{Galaxy Models with Third Integrals}",
booktitle = {IAU Colloq. 76: Nearby Stars and the Stellar Luminosity Function},
     year = 1983,
   volume = 76,
   editor = {{Philip}, A.~G.~D. and {Upgren}, A.~R.},
    month = jun,
    pages = {259},
   adsurl = {http://adsabs.harvard.edu/abs/1983nssl.conf..259B},
  adsnote = {Provided by the SAO/NASA Astrophysics Data System}
}


@ARTICLE{Bovy2012b,
   author = {{Bovy}, J. and {Allende Prieto}, C. and {Beers}, T.~C. and {Bizyaev}, D. and 
	{da Costa}, L.~N. and {Cunha}, K. and {Ebelke}, G.~L. and {Eisenstein}, D.~J. and 
	{Frinchaboy}, P.~M. and {Garc{\'{\i}}a P{\'e}rez}, A.~E. and 
	{Girardi}, L. and {Hearty}, F.~R. and {Hogg}, D.~W. and {Holtzman}, J. and 
	{Maia}, M.~A.~G. and {Majewski}, S.~R. and {Malanushenko}, E. and 
	{Malanushenko}, V. and {M{\'e}sz{\'a}ros}, S. and {Nidever}, D.~L. and 
	{O'Connell}, R.~W. and {O'Donnell}, C. and {Oravetz}, A. and 
	{Pan}, K. and {Rocha-Pinto}, H.~J. and {Schiavon}, R.~P. and 
	{Schneider}, D.~P. and {Schultheis}, M. and {Skrutskie}, M. and 
	{Smith}, V.~V. and {Weinberg}, D.~H. and {Wilson}, J.~C. and 
	{Zasowski}, G.},
    title = "{The Milky Way's Circular-velocity Curve between 4 and 14 kpc from APOGEE data}",
  journal = {\apj},
archivePrefix = "arXiv",
   eprint = {1209.0759},
 primaryClass = "astro-ph.GA",
 keywords = {Galaxy: disk, Galaxy: fundamental parameters, Galaxy: general, Galaxy: kinematics and dynamics, Galaxy: structure, stars: kinematics and dynamics},
     year = 2012,
    month = nov,
   volume = 759,
      eid = {131},
    pages = {131},
      doi = {10.1088/0004-637X/759/2/131},
   adsurl = {http://adsabs.harvard.edu/abs/2012ApJ...759..131B},
  adsnote = {Provided by the SAO/NASA Astrophysics Data System}
}


@ARTICLE{Kawata2019,
   author = {{Kawata}, D. and {Bovy}, J. and {Matsunaga}, N. and {Baba}, J.
	},
    title = "{Galactic rotation from Cepheids with Gaia DR2 and effects of non-axisymmetry}",
  journal = {\mnras},
archivePrefix = "arXiv",
   eprint = {1803.05927},
 keywords = {methods: numerical, stars: variables: Cepheids, Galaxy: disc, Galaxy: fundamental parameters, Galaxy: kinematics and dynamics, solar neighbourhood},
     year = 2019,
    month = jan,
   volume = 482,
    pages = {40-51},
      doi = {10.1093/mnras/sty2623},
   adsurl = {http://adsabs.harvard.edu/abs/2019MNRAS.482...40K},
  adsnote = {Provided by the SAO/NASA Astrophysics Data System}
}


@ARTICLE{BH2016,
   author = {{Bland-Hawthorn}, J. and {Gerhard}, O.},
    title = "{The Galaxy in Context: Structural, Kinematic, and Integrated Properties}",
  journal = {\araa},
archivePrefix = "arXiv",
   eprint = {1602.07702},
     year = 2016,
    month = sep,
   volume = 54,
    pages = {529-596},
      doi = {10.1146/annurev-astro-081915-023441},
   adsurl = {http://adsabs.harvard.edu/abs/2016ARA&26A..54..529B},
  adsnote = {Provided by the SAO/NASA Astrophysics Data System}
}


@ARTICLE{Anguiano2018,
   author = {{Anguiano}, B. and {Majewski}, S.~R. and {Freeman}, K.~C. and 
	{Mitschang}, A.~W. and {Smith}, M.~C.},
    title = "{The velocity ellipsoid in the Galactic disc using Gaia DR1}",
  journal = {\mnras},
archivePrefix = "arXiv",
   eprint = {1710.08479},
 keywords = {astrometry, Galaxy: abundances, Galaxy: disc, Galaxy: kinematics and dynamics, solar neighbourhood},
     year = 2018,
    month = feb,
   volume = 474,
    pages = {854-865},
      doi = {10.1093/mnras/stx2774},
   adsurl = {http://adsabs.harvard.edu/abs/2018MNRAS.474..854A},
  adsnote = {Provided by the SAO/NASA Astrophysics Data System}
}


@ARTICLE{SD18,
   author = {{Sanders}, J.~L. and {Das}, P.},
    title = "{Isochrone ages for {\tilde}3 million stars with the second Gaia data release}",
  journal = {\mnras},
archivePrefix = "arXiv",
   eprint = {1806.02324},
 keywords = {Galaxy: structure, stellar content, formation, kinematics and dynamics},
     year = 2018,
    month = sep,
      doi = {10.1093/mnras/sty2490},
   adsurl = {http://adsabs.harvard.edu/abs/2018MNRAS.tmp.2388S},
  adsnote = {Provided by the SAO/NASA Astrophysics Data System}
}

@ARTICLE{Ho17,
   author = {{Ho}, A.~Y.~Q. and {Ness}, M.~K. and {Hogg}, D.~W. and {Rix}, H.-W. and 
	{Liu}, C. and {Yang}, F. and {Zhang}, Y. and {Hou}, Y. and {Wang}, Y.
	},
    title = "{Label Transfer from APOGEE to LAMOST: Precise Stellar Parameters for 450,000 LAMOST Giants}",
  journal = {\apj},
archivePrefix = "arXiv",
   eprint = {1602.00303},
 primaryClass = "astro-ph.SR",
 keywords = {catalogs, methods: data analysis, methods: statistical, stars: abundances, stars: fundamental parameters, techniques: spectroscopic},
     year = 2017,
    month = feb,
   volume = 836,
      eid = {5},
    pages = {5},
      doi = {10.3847/1538-4357/836/1/5},
   adsurl = {http://adsabs.harvard.edu/abs/2017ApJ...836....5H},
  adsnote = {Provided by the SAO/NASA Astrophysics Data System}
}

@ARTICLE{GaiaDR2a,
   author = {{Gaia Collaboration} and {Brown}, A.~G.~A. and {Vallenari}, A. and 
	{Prusti}, T. and {de Bruijne}, J.~H.~J. and {Babusiaux}, C. and 
	{Bailer-Jones}, C.~A.~L. and {Biermann}, M. and {Evans}, D.~W. and 
	{Eyer}, L. and et al.},
    title = "{Gaia Data Release 2. Summary of the contents and survey properties}",
  journal = {\aap},
archivePrefix = "arXiv",
   eprint = {1804.09365},
 keywords = {catalogs, astrometry, techniques: radial velocities, stars: fundamental parameters, stars: variables: general, minor planets, asteroids: general},
     year = 2018,
    month = aug,
   volume = 616,
      eid = {A1},
    pages = {A1},
      doi = {10.1051/0004-6361/201833051},
   adsurl = {http://adsabs.harvard.edu/abs/2018A&26A...616A...1G},
  adsnote = {Provided by the SAO/NASA Astrophysics Data System}
}

@ARTICLE{Coronado,
   author = {{Coronado}, J. and {Rix}, H.-W. and {Trick}, W.~H.},
    title = "{Unbiased TGAS{\times}LAMOST distances and the role of binarity}",
  journal = {\mnras},
archivePrefix = "arXiv",
   eprint = {1804.07760},
 keywords = {stars: distances, stars: fundamental parameters, stars: statistics},
     year = 2018,
    month = dec,
   volume = 481,
    pages = {2970-2980},
      doi = {10.1093/mnras/sty2468},
   adsurl = {http://adsabs.harvard.edu/abs/2018MNRAS.481.2970C},
  adsnote = {Provided by the SAO/NASA Astrophysics Data System}
}

@ARTICLE{Howes,
   author = {{Howes}, L.~M. and {Lindegren}, L. and {Feltzing}, S. and {Church}, R.~P. and 
	{Bensby}, T.},
    title = "{Estimating stellar ages and metallicities from parallaxes and broadband photometry -- successes and shortcomings}",
  journal = {ArXiv e-prints},
archivePrefix = "arXiv",
   eprint = {1804.08321},
 primaryClass = "astro-ph.SR",
 keywords = {Astrophysics - Solar and Stellar Astrophysics, Astrophysics - Astrophysics of Galaxies},
     year = 2018,
    month = apr,
   adsurl = {http://adsabs.harvard.edu/abs/2018arXiv180408321H},
  adsnote = {Provided by the SAO/NASA Astrophysics Data System}
}

@ARTICLE{Soderblom,
   author = {{Soderblom}, D.~R.},
    title = "{The Ages of Stars}",
  journal = {\araa},
archivePrefix = "arXiv",
   eprint = {1003.6074},
 primaryClass = "astro-ph.SR",
     year = 2010,
    month = sep,
   volume = 48,
    pages = {581-629},
      doi = {10.1146/annurev-astro-081309-130806},
   adsurl = {http://adsabs.harvard.edu/abs/2010ARA&A..48..581S},
  adsnote = {Provided by the SAO/NASA Astrophysics Data System}
}


@ARTICLE{VM2018,
   author = {{Vickers}, J.~J. and {Smith}, M.~C.},
    title = "{The Lives of Stars: Insights from the TGAS-RAVE-LAMOST Data Set}",
  journal = {\apj},
archivePrefix = "arXiv",
   eprint = {1805.02332},
 keywords = {Galaxy: disk, Galaxy: evolution, Galaxy: formation, Galaxy: general, Galaxy: kinematics and dynamics, stars: kinematics and dynamics},
     year = 2018,
    month = jun,
   volume = 860,
      eid = {91},
    pages = {91},
      doi = {10.3847/1538-4357/aac323},
   adsurl = {http://adsabs.harvard.edu/abs/2018ApJ...860...91V},
  adsnote = {Provided by the SAO/NASA Astrophysics Data System}
}


@ARTICLE{Coskunoglu2011,
   author = {{Co{\c s}kuno{\v g}lu}, B. and {Ak}, S. and {Bilir}, S. and 
	{Karaali}, S. and {Yaz}, E. and {Gilmore}, G. and {Seabroke}, G.~M. and 
	{Bienaym{\'e}}, O. and {Bland-Hawthorn}, J. and {Campbell}, R. and 
	{Freeman}, K.~C. and {Gibson}, B. and {Grebel}, E.~K. and {Munari}, U. and 
	{Navarro}, J.~F. and {Parker}, Q.~A. and {Siebert}, A. and {Siviero}, A. and 
	{Steinmetz}, M. and {Watson}, F.~G. and {Wyse}, R.~F.~G. and 
	{Zwitter}, T.},
    title = "{Local stellar kinematics from RAVE data - I. Local standard of rest}",
  journal = {\mnras},
archivePrefix = "arXiv",
   eprint = {1011.1188},
 keywords = {Galaxy: kinematics and dynamics, solar neighbourhood, Galaxy: stellar content},
     year = 2011,
    month = apr,
   volume = 412,
    pages = {1237-1245},
      doi = {10.1111/j.1365-2966.2010.17983.x},
   adsurl = {http://adsabs.harvard.edu/abs/2011MNRAS.412.1237C},
  adsnote = {Provided by the SAO/NASA Astrophysics Data System}
}


@ARTICLE{Bobylev2010,
   author = {{Bobylev}, V.~V. and {Bajkova}, A.~T.},
    title = "{Galactic parameters from masers with trigonometric parallaxes}",
  journal = {\mnras},
archivePrefix = "arXiv",
   eprint = {1006.5152},
 keywords = {masers, Galaxy: kinematics and dynamics},
     year = 2010,
    month = nov,
   volume = 408,
    pages = {1788-1795},
      doi = {10.1111/j.1365-2966.2010.17244.x},
   adsurl = {http://adsabs.harvard.edu/abs/2010MNRAS.408.1788B},
  adsnote = {Provided by the SAO/NASA Astrophysics Data System}
}


@ARTICLE{Breddels2010,
   author = {{Breddels}, M.~A. and {Smith}, M.~C. and {Helmi}, A. and {Bienaym{\'e}}, O. and 
	{Binney}, J. and {Bland-Hawthorn}, J. and {Boeche}, C. and {Burnett}, B.~C.~M. and 
	{Campbell}, R. and {Freeman}, K.~C. and {Gibson}, B. and {Gilmore}, G. and 
	{Grebel}, E.~K. and {Munari}, U. and {Navarro}, J.~F. and {Parker}, Q.~A. and 
	{Seabroke}, G.~M. and {Siebert}, A. and {Siviero}, A. and {Steinmetz}, M. and 
	{Watson}, F.~G. and {Williams}, M. and {Wyse}, R.~F.~G. and 
	{Zwitter}, T.},
    title = "{Distance determination for RAVE stars using stellar models}",
  journal = {\aap},
archivePrefix = "arXiv",
   eprint = {1003.0758},
 keywords = {methods: numerical, methods: statistical, stars: distances, Galaxy: kinematics and dynamics, Galaxy: structure},
     year = 2010,
    month = feb,
   volume = 511,
      eid = {A90},
    pages = {A90},
      doi = {10.1051/0004-6361/200912471},
   adsurl = {http://adsabs.harvard.edu/abs/2010A%26A...511A..90B},
  adsnote = {Provided by the SAO/NASA Astrophysics Data System}
}


@ARTICLE{Schonrich2010,
   author = {{Sch{\"o}nrich}, R. and {Binney}, J. and {Dehnen}, W.},
    title = "{Local kinematics and the local standard of rest}",
  journal = {\mnras},
archivePrefix = "arXiv",
   eprint = {0912.3693},
 keywords = {stars: kinematics, Galaxy: disc, Galaxy: fundamental parameters, Galaxy: kinematics and dynamics, solar neighbourhood},
     year = 2010,
    month = apr,
   volume = 403,
    pages = {1829-1833},
      doi = {10.1111/j.1365-2966.2010.16253.x},
   adsurl = {http://adsabs.harvard.edu/abs/2010MNRAS.403.1829S},
  adsnote = {Provided by the SAO/NASA Astrophysics Data System}
}


@ARTICLE{Francis2009,
   author = {{Francis}, C. and {Anderson}, E.},
    title = "{Calculation of the local standard of rest from 20 574 local stars in the New Hipparcos Reduction with known radial velocities}",
  journal = {\na},
archivePrefix = "arXiv",
   eprint = {0812.4032},
     year = 2009,
    month = oct,
   volume = 14,
    pages = {615-629},
      doi = {10.1016/j.newast.2009.03.004},
   adsurl = {http://adsabs.harvard.edu/abs/2009NewA...14..615F},
  adsnote = {Provided by the SAO/NASA Astrophysics Data System}
}



@ARTICLE{Huang2015,
   author = {{Huang}, Y. and {Liu}, X.-W. and {Yuan}, H.-B. and {Xiang}, M.-S. and 
	{Huo}, Z.-Y. and {Chen}, B.-Q. and {Zhang}, Y. and {Hou}, Y.-H.
	},
    title = "{Determination of the local standard of rest using the LSS-GAC DR1}",
  journal = {\mnras},
archivePrefix = "arXiv",
   eprint = {1501.07095},
 keywords = {Galaxy: fundamental parameters, Galaxy: kinematics and dynamics, solar neighbourhood, Galaxy: stellar content},
     year = 2015,
    month = may,
   volume = 449,
    pages = {162-174},
      doi = {10.1093/mnras/stv204},
   adsurl = {http://adsabs.harvard.edu/abs/2015MNRAS.449..162H},
  adsnote = {Provided by the SAO/NASA Astrophysics Data System}
}


@ARTICLE{Bobylev2014,
   author = {{Bobylev}, V.~V. and {Bajkova}, A.~T.},
    title = "{The local standard of rest from data on young objects with account for the Galactic spiral density wave}",
  journal = {\mnras},
archivePrefix = "arXiv",
   eprint = {1404.6987},
 keywords = {Masers, Galaxy: kinematics and dynamics, galaxies: individual: local standard of rest},
     year = 2014,
    month = jun,
   volume = 441,
    pages = {142-149},
      doi = {10.1093/mnras/stu563},
   adsurl = {http://adsabs.harvard.edu/abs/2014MNRAS.441..142B},
  adsnote = {Provided by the SAO/NASA Astrophysics Data System}
}


@ARTICLE{Reid2009,
   author = {{Reid}, M.~J. and {Menten}, K.~M. and {Zheng}, X.~W. and {Brunthaler}, A. and 
	{Moscadelli}, L. and {Xu}, Y. and {Zhang}, B. and {Sato}, M. and 
	{Honma}, M. and {Hirota}, T. and {Hachisuka}, K. and {Choi}, Y.~K. and 
	{Moellenbrock}, G.~A. and {Bartkiewicz}, A.},
    title = "{Trigonometric Parallaxes of Massive Star-Forming Regions. VI. Galactic Structure, Fundamental Parameters, and Noncircular Motions}",
  journal = {\apj},
archivePrefix = "arXiv",
   eprint = {0902.3913},
 primaryClass = "astro-ph.GA",
 keywords = {astrometry, Galaxy: fundamental parameters, Galaxy: halo, Galaxy: kinematics and dynamics, Galaxy: structure, stars: formation},
     year = 2009,
    month = jul,
   volume = 700,
    pages = {137-148},
      doi = {10.1088/0004-637X/700/1/137},
   adsurl = {http://adsabs.harvard.edu/abs/2009ApJ...700..137R},
  adsnote = {Provided by the SAO/NASA Astrophysics Data System}
}


@ARTICLE{Bobylev2007,
   author = {{Bobylev}, V.~V. and {Bajkova}, A.~T.},
    title = "{Analysis of the velocity field of F and G dwarfs in the solar neighborhood as a function of age}",
  journal = {Astronomy Reports},
archivePrefix = "arXiv",
   eprint = {0704.1772},
 keywords = {97.10.Wn, 97.20.Jg, 97.10.Cv, 98.35.Df, 98.35.Pr},
     year = 2007,
    month = may,
   volume = 51,
    pages = {372-381},
      doi = {10.1134/S1063772907050034},
   adsurl = {http://adsabs.harvard.edu/abs/2007ARep...51..372B},
  adsnote = {Provided by the SAO/NASA Astrophysics Data System}
}


@ARTICLE{Piskunov2006,
   author = {{Piskunov}, A.~E. and {Kharchenko}, N.~V. and {R{\"o}ser}, S. and 
	{Schilbach}, E. and {Scholz}, R.-D.},
    title = "{Revisiting the population of Galactic open clusters}",
  journal = {\aap},
   eprint = {astro-ph/0508575},
 keywords = {Galaxy: disk, Galaxy: kinematics and dynamics, open clusters and associations: general, solar neighbourhood, Galaxy: stellar content, Galaxy: structure},
     year = 2006,
    month = jan,
   volume = 445,
    pages = {545-565},
      doi = {10.1051/0004-6361:20053764},
   adsurl = {http://adsabs.harvard.edu/abs/2006A%26A...445..545P},
  adsnote = {Provided by the SAO/NASA Astrophysics Data System}
}


@ARTICLE{Mignard2000,
   author = {{Mignard}, F.},
    title = "{Local galactic kinematics from Hipparcos proper motions}",
  journal = {\aap},
 keywords = {ASTROMETRY, CELESTIAL MECHANICS, STELLAR DYNAMICS, GALAXY: KINEMATICS AND DYNAMICS, GALAXY: SOLAR NEIGHBOURHOOD},
     year = 2000,
    month = feb,
   volume = 354,
    pages = {522-536},
   adsurl = {http://adsabs.harvard.edu/abs/2000A%26A...354..522M},
  adsnote = {Provided by the SAO/NASA Astrophysics Data System}
}


@INPROCEEDINGS{Binney1997,
   author = {{Binney}, J.~J. and {Dehnen}, W. and {Houk}, N. and {Murray}, C.~A. and 
	{Penston}, M.~J.},
    title = "{The Kinematics of Main Sequence Stars from HIPPARCOS Data}",
booktitle = {Hipparcos - Venice '97},
     year = 1997,
   series = {ESA Special Publication},
   volume = 402,
   editor = {{Bonnet}, R.~M. and {H{\o}g}, E. and {Bernacca}, P.~L. and {Emiliani}, L. and 
	{Blaauw}, A. and {Turon}, C. and {Kovalevsky}, J. and {Lindegren}, L. and 
	{Hassan}, H. and {Bouffard}, M. and {Strim}, B. and {Heger}, D. and 
	{Perryman}, M.~A.~C. and {Woltjer}, L.},
    month = aug,
    pages = {473-478},
   adsurl = {http://adsabs.harvard.edu/abs/1997ESASP.402..473B},
  adsnote = {Provided by the SAO/NASA Astrophysics Data System}
}


@BOOK{MB1981,
   author = {{Mihalas}, D. and {Binney}, J.},
    title = "{Galactic astronomy: Structure and kinematics /2nd edition/}",
 keywords = {Body Kinematics, Celestial Mechanics, Galactic Structure, Milky Way Galaxy, Stellar Motions, Astronomical Catalogs, Energy Distribution, Galactic Rotation, Interstellar Matter, Radial Velocity, Spatial Distribution, Star Distribution, Stellar Magnitude, Stellar Spectra},
booktitle = {San Francisco, CA, W.~H.~Freeman and Co., 1981.~608 p.},
     year = 1981,
   adsurl = {http://adsabs.harvard.edu/abs/1981gask.book.....M},
  adsnote = {Provided by the SAO/NASA Astrophysics Data System}
}


@ARTICLE{Homann1886,
   author = {{Homann}, H.},
    title = "{Bestimmung der Bewegung des Sonnensystems durch Spectral-Messungen}",
  journal = {Astronomische Nachrichten},
     year = 1886,
    month = feb,
   volume = 114,
    pages = {25},
      doi = {10.1002/asna.18861140106},
   adsurl = {http://adsabs.harvard.edu/abs/1886AN....114...25H},
  adsnote = {Provided by the SAO/NASA Astrophysics Data System}
}


@ARTICLE{OM98,
   author = {{Olling}, R.~P. and {Merrifield}, M.~R.},
    title = "{Refining the Oort and Galactic constants}",
  journal = {\mnras},
   eprint = {astro-ph/9802034},
 keywords = {CEPHEIDS, ISM: GENERAL, GALAXY: FUNDAMENTAL PARAMETERS, GALAXY: KINEMATICS AND DYNAMICS, SOLAR NEIGHBOURHOOD, GALAXY: STRUCTURE},
     year = 1998,
    month = jul,
   volume = 297,
    pages = {943-952},
      doi = {10.1046/j.1365-8711.1998.01577.x},
   adsurl = {http://adsabs.harvard.edu/abs/1998MNRAS.297..943O},
  adsnote = {Provided by the SAO/NASA Astrophysics Data System}
}



@ARTICLE{BP15,
   author = {{Binney}, J. and {Piffl}, T.},
    title = "{The distribution function of the Galaxy's dark halo}",
  journal = {\mnras},
archivePrefix = "arXiv",
   eprint = {1509.06877},
 keywords = {Galaxy: disc, Galaxy: fundamental parameters, Galaxy: halo, solar neighbourhood, galaxies: haloes, dark matter},
     year = 2015,
    month = dec,
   volume = 454,
    pages = {3653-3663},
      doi = {10.1093/mnras/stv2225},
   adsurl = {http://adsabs.harvard.edu/abs/2015MNRAS.454.3653B},
  adsnote = {Provided by the SAO/NASA Astrophysics Data System}
}


@ARTICLE{YL18,
   author = {{Yu}, J. and {Liu}, C.},
    title = "{The age-velocity dispersion relation of the Galactic discs from LAMOST-Gaia data}",
  journal = {\mnras},
archivePrefix = "arXiv",
   eprint = {1712.03965},
 keywords = {Galaxy: disc, Galaxy: evolution, Galaxy: kinematics and dynamics, solar neighbourhood},
     year = 2018,
    month = mar,
   volume = 475,
    pages = {1093-1103},
      doi = {10.1093/mnras/stx3204},
   adsurl = {http://adsabs.harvard.edu/abs/2018MNRAS.475.1093Y},
  adsnote = {Provided by the SAO/NASA Astrophysics Data System}
}


@ARTICLE{Piffl14,
   author = {{Piffl}, T. and {Binney}, J. and {McMillan}, P.~J. and {Steinmetz}, M. and 
	{Helmi}, A. and {Wyse}, R.~F.~G. and {Bienaym{\'e}}, O. and 
	{Bland-Hawthorn}, J. and {Freeman}, K. and {Gibson}, B. and 
	{Gilmore}, G. and {Grebel}, E.~K. and {Kordopatis}, G. and {Navarro}, J.~F. and 
	{Parker}, Q. and {Reid}, W.~A. and {Seabroke}, G. and {Siebert}, A. and 
	{Watson}, F. and {Zwitter}, T.},
    title = "{Constraining the Galaxy's dark halo with RAVE stars}",
  journal = {\mnras},
archivePrefix = "arXiv",
   eprint = {1406.4130},
 keywords = {Galaxy: disc, Galaxy: fundamental parameters, Galaxy: halo, Galaxy: kinematics and dynamics, solar neighbourhood, Galaxy: structure},
     year = 2014,
    month = dec,
   volume = 445,
    pages = {3133-3151},
      doi = {10.1093/mnras/stu1948},
   adsurl = {http://adsabs.harvard.edu/abs/2014MNRAS.445.3133P},
  adsnote = {Provided by the SAO/NASA Astrophysics Data System}
}


@ARTICLE{ SB15,
   author = {{Sanders}, J.~L. and {Binney}, J.},
    title = "{Extended distribution functions for our Galaxy}",
  journal = {\mnras},
archivePrefix = "arXiv",
   eprint = {1501.02227},
 keywords = {Galaxy: abundances, Galaxy: disc, Galaxy: evolution, Galaxy: kinematics and dynamics, solar neighbourhood},
     year = 2015,
    month = jun,
   volume = 449,
    pages = {3479-3502},
      doi = {10.1093/mnras/stv578},
   adsurl = {http://adsabs.harvard.edu/abs/2015MNRAS.449.3479S},
  adsnote = {Provided by the SAO/NASA Astrophysics Data System}
}


@ARTICLE{KS82,
   author = {{van der Kruit}, P.~C. and {Searle}, L.},
    title = "{Surface photometry of edge-on spiral galaxies. III - Properties of the three-dimensional distribution of light and mass in disks of spiral galaxies}",
  journal = {\aap},
 keywords = {Astronomical Photometry, Brightness Distribution, Disk Galaxies, Mass Distribution, Spiral Galaxies, Star Distribution, Astronomical Models, Milky Way Galaxy, Surface Properties},
     year = 1982,
    month = jun,
   volume = 110,
    pages = {61-78},
   adsurl = {http://adsabs.harvard.edu/abs/1982A%26A...110...61V},
  adsnote = {Provided by the SAO/NASA Astrophysics Data System}
}


@ARTICLE{Kruit88,
   author = {{van der Kruit}, P.~C.},
    title = "{The three-dimensional distribution of light and mass in disks of spiral galaxies}",
  journal = {\aap},
 keywords = {Gas Dynamics, Mass To Light Ratios, Spiral Galaxies, Star Distribution, Astronomical Models, Density Distribution, Mass Distribution, Radial Velocity, Velocity Distribution, Vertical Distribution},
     year = 1988,
    month = mar,
   volume = 192,
    pages = {117-127},
   adsurl = {http://adsabs.harvard.edu/abs/1988A%26A...192..117V},c
  adsnote = {Provided by the SAO/NASA Astrophysics Data System}
}


@ARTICLE{2011,
   author = {{van der Kruit}, P.~C. and {Freeman}, K.~C.},
    title = "{Galaxy Disks}",
  journal = {\araa},
archivePrefix = "arXiv",
   eprint = {1101.1771},
     year = 2011,
    month = sep,
   volume = 49,
    pages = {301-371},
      doi = {10.1146/annurev-astro-083109-153241},
   adsurl = {http://adsabs.harvard.edu/abs/2011ARA%26A..49..301V},
  adsnote = {Provided by the SAO/NASA Astrophysics Data System}
}


@ARTICLE{RB04,
   author = {{Reid}, M.~J. and {Brunthaler}, A.},
    title = "{The Proper Motion of Sagittarius A*. II. The Mass of Sagittarius A*}",
  journal = {\apj},
   eprint = {astro-ph/0408107},
 keywords = {Astrometry, Black Hole Physics, Galaxy: Center, Galaxy: Fundamental Parameters, Galaxy: Structure},
     year = 2004,
    month = dec,
   volume = 616,
    pages = {872-884},
      doi = {10.1086/424960},
   adsurl = {http://adsabs.harvard.edu/abs/2004ApJ...616..872R},
  adsnote = {Provided by the SAO/NASA Astrophysics Data System}
}


@INPROCEEDINGS{Reid08,
   author = {{Reid}, M.~J.},
    title = "{Micro-arcsecond astrometry with the VLBA}",
 keywords = {Galactic: structure, stars: kinematics, black hole physics, masers, astrometry, instrumentation: interferometers, stars: fundamental parameters, cosmological parameters},
booktitle = {A Giant Step: from Milli- to Micro-arcsecond Astrometry},
     year = 2008,
   series = {IAU Symposium},
   volume = 248,
   editor = {{Jin}, W.~J. and {Platais}, I. and {Perryman}, M.~A.~C.},
    month = jul,
    pages = {141-147},
      doi = {10.1017/S1743921308018929},
   adsurl = {http://adsabs.harvard.edu/abs/2008IAUS..248..141R},
  adsnote = {Provided by the SAO/NASA Astrophysics Data System}
}


@INBOOK{Delhaye1965,
   author = {{Delhaye}, J.},
    title = "{Solar Motion and Velocity Distribution of Common Stars}",
booktitle = {Giornale di Astronomia},
     year = 1965,
    month = jan,
   editor = {{Blaauw}, A. and {Schmidt}, M.},
publisher = {the University of Chicago Press},
    pages = {61},
   adsurl = {http://adsabs.harvard.edu/abs/1965gast.book...61D},
  adsnote = {Provided by the SAO/NASA Astrophysics Data System}
}


@ARTICLE{YL18,
   author = {{Yu}, J. and {Liu}, C.},
    title = "{The age-velocity dispersion relation of the Galactic discs from LAMOST-Gaia data}",
  journal = {\mnras},
archivePrefix = "arXiv",
   eprint = {1712.03965},
 keywords = {Galaxy: disc, Galaxy: evolution, Galaxy: kinematics and dynamics, solar neighbourhood},
     year = 2018,
    month = mar,
   volume = 475,
    pages = {1093-1103},
      doi = {10.1093/mnras/stx3204},
   adsurl = {http://adsabs.harvard.edu/abs/2018MNRAS.475.1093Y},
  adsnote = {Provided by the SAO/NASA Astrophysics Data System}
}



@ARTICLE{Gaia2016,
   author = {{Gaia Collaboration} and {Brown}, A.~G.~A. and {Vallenari}, A. and 
	{Prusti}, T. and {de Bruijne}, J.~H.~J. and {Mignard}, F. and 
	{Drimmel}, R. and {Babusiaux}, C. and {Bailer-Jones}, C.~A.~L. and 
	{Bastian}, U. and et al.},
    title = "{Gaia Data Release 1. Summary of the astrometric, photometric, and survey properties}",
  journal = {\aap},
archivePrefix = "arXiv",
   eprint = {1609.04172},
 primaryClass = "astro-ph.IM",
 keywords = {catalogs, astrometry, parallaxes, proper motions, surveys},
     year = 2016,
    month = nov,
   volume = 595,
      eid = {A2},
    pages = {A2},
      doi = {10.1051/0004-6361/201629512},
   adsurl = {http://adsabs.harvard.edu/abs/2016A%26A...595A...2G},
  adsnote = {Provided by the SAO/NASA Astrophysics Data System}
}


@ARTICLE{Herschel1785,
   author = {{Herschel}, W.},
    title = "{On the Construction of the Heavens.}",
  journal = {Philosophical Transactions of the Royal Society of London Series I},
     year = 1785,
   volume = 75,
    pages = {213-266},
   adsurl = {http://adsabs.harvard.edu/abs/1785RSPT...75..213H},
  adsnote = {Provided by the SAO/NASA Astrophysics Data System}
}


@ARTICLE{Adams2010,
   author = {{Adams}, F.~C.},
    title = "{The Birth Environment of the Solar System}",
  journal = {\araa},
archivePrefix = "arXiv",
   eprint = {1001.5444},
 primaryClass = "astro-ph.SR",
     year = 2010,
    month = sep,
   volume = 48,
    pages = {47-85},
      doi = {10.1146/annurev-astro-081309-130830},
   adsurl = {http://adsabs.harvard.edu/abs/2010ARA%26A..48...47A},
  adsnote = {Provided by the SAO/NASA Astrophysics Data System}
}


@ARTICLE{VS18,
   author = {{Vickers}, J.~J. and {Smith}, M.~C.},
    title = "{The Lives of Stars: Insights from the TGAS-RAVE-LAMOST Data Set}",
  journal = {\apj},
archivePrefix = "arXiv",
   eprint = {1805.02332},
 keywords = {Galaxy: disk, Galaxy: evolution, Galaxy: formation, Galaxy: general, Galaxy: kinematics and dynamics, stars: kinematics and dynamics},
     year = 2018,
    month = jun,
   volume = 860,
      eid = {91},
    pages = {91},
      doi = {10.3847/1538-4357/aac323},
   adsurl = {http://adsabs.harvard.edu/abs/2018ApJ...860...91V},
  adsnote = {Provided by the SAO/NASA Astrophysics Data System}
}


@ARTICLE{Foreman2013,
   author = {{Foreman-Mackey}, D. and {Hogg}, D.~W. and {Lang}, D. and {Goodman}, J.
	},
    title = "{emcee: The MCMC Hammer}",
  journal = {\pasp},
archivePrefix = "arXiv",
   eprint = {1202.3665},
 primaryClass = "astro-ph.IM",
     year = 2013,
    month = mar,
   volume = 125,
    pages = {306},
      doi = {10.1086/670067},
   adsurl = {http://adsabs.harvard.edu/abs/2013PASP..125..306F},
  adsnote = {Provided by the SAO/NASA Astrophysics Data System}
}
